 



@electronic{AppleDPTeam,
	title = {Learning with Privacy at Scale},
	author = "Apple Differential Privacy Team",
	url = {https://machinelearning.apple.com/2017/12/06/learning-with-privacy-at-scale.html},
	note  = {Retrieved 25, Apr. 2019}
}

@electronic{AlexaTopSites,
	title = {Alexa Top Sites},
	author = {Amazon},
	url = {https://aws.amazon.com/alexa-top-sites/},
	note  = {Retrieved \today}
}



@inproceedings{FloHer:WWW07,
	title="A large-scale study of web password habits",
	author="Florencio, Dinei and Herley, Cormac",
	booktitle="Proceedings of the 16th international conference on World Wide Web",
	pages={657--666},
	year={2007},
	organization={ACM}
}



@inproceedings{DavKev:WWW12,
	title={Investigating the distribution of password choices},
	author={Malone, David and Maher, Kevin},
	booktitle={Proceedings of the 21st international conference on World Wide Web},
	pages={301--310},
	year={2012},
	organization={ACM}
}

@ARTICLE{PasswordPersistence,
	author={C. {Herley} and P. {Van Oorschot}},
	journal={IEEE Security Privacy},
	title={A Research Agenda Acknowledging the Persistence of Passwords},
	year={2012},
	volume={10},
	number={1},
	pages={28-36},
	keywords={security of data;authentication research;password persistence;Access control;Authentication;Electronic mail;Internet;Computer security;Privacy;passwords;authentication alternatives;evaluation;systematic research;competing requirements;supporting tools},
	doi={10.1109/MSP.2011.150},
	ISSN={1558-4046},
	month={Jan},}

@electronic{DictionaryAttack:Ransomware,
	title         = "Ransomware crooks hit Synology NAS devices with brute-force password attacks",
	URL=  "https://www.zdnet.com/article/ransomware-crooks-hit-synology-nas-devices-with-brute-force-password-attacks/",
	year          = "2019",
	note  = {Retrieved \today},
	author           = "Liam Tung "
}


@inproceedings{EuroSP:THS19,
	title={StopGuessing: Using guessed passwords to thwart online guessing},
	author={Schechter, Stuart and Tian, Yuan and Herley, Cormac},
	booktitle={2019 IEEE European Symposium on Security and Privacy (EuroS\&P)},
	pages={576--589},
	year={2019},
	organization={IEEE}
}

@inproceedings{PasswordsAndPeople,
	author = {Komanduri, Saranga and Shay, Richard and Kelley, Patrick Gage and Mazurek, Michelle L. and Bauer, Lujo and Christin, Nicolas and Cranor, Lorrie Faith and Egelman, Serge},
	title = {Of Passwords and People: Measuring the Effect of Password-Composition Policies},
	year = {2011},
	isbn = {9781450302289},
	publisher = {Association for Computing Machinery},
	address = {New York, NY, USA},
	url = {https://doi.org/10.1145/1978942.1979321},
	doi = {10.1145/1978942.1979321},
	booktitle = {Proceedings of the SIGCHI Conference on Human Factors in Computing Systems},
	pages = {2595–2604},
	numpages = {10},
	keywords = {usability, security, passwords, policy},
	location = {Vancouver, BC, Canada},
	series = {CHI ’11}
}


@InProceedings{ICCSA:AFZSEW09,
	title={Two factor authentication using mobile phones},
	author={Aloul, Fadi and Zahidi, Syed and El-Hajj, Wassim},
	booktitle={2009 IEEE/ACS International Conference on Computer Systems and Applications},
	pages={641--644},
	year={2009},
	organization={IEEE}
}

@article{JoA:CorMut05,
	title={An improved data stream summary: the count-min sketch and its applications},
	author={Cormode, Graham and Muthukrishnan, Shan},
	journal={Journal of Algorithms},
	volume={55},
	number={1},
	pages={58--75},
	year={2005},
	publisher={Elsevier}
}

@article{Dan:OR57,
	title={Discrete-variable extremum problems},
	author={Dantzig, George B},
	journal={Operations research},
	volume={5},
	number={2},
	pages={266--288},
	year={1957},
	publisher={INFORMS}
}


@article{arXiv:NarShm06,
	title={How to break anonymity of the netflix prize dataset},
	author={Narayanan, Arvind and Shmatikov, Vitaly},
	journal={arXiv preprint cs/0610105},
	year={2006}
}

@article{ECS:Dwork11,
	title={Differential privacy},
	author={Dwork, Cynthia},
	journal={Encyclopedia of Cryptography and Security},
	pages={338--340},
	year={2011},
	publisher={Springer}
}


@article{UTA:NarShm08,
	title={Robust de-anonymization of large datasets (how to break anonymity of the Netflix prize dataset)},
	author="Narayanan, Arvind and Shmatikov, Vitaly",
	journal={University of Texas at Austin},
	year={2008}
}

@InProceedings{SOUPS:GBD17,
	author    = {Golla, Maximilian and Bailey, Daniel V and D{\"u}rmuth, Markus},
	title     = {" I want my money back!" Limiting Online Password-Guessing Financially.},
	booktitle = {SOUPS},
	year      = {2017},
}

@electronic{News:FacebookCaseSensitiveNews,
	title         = "Facebook passwords are not case sensitive ",
	url           = "https://www.zdnet.com/article/facebook-passwords-are-not-case-sensitive-update/",
	year          = "2019",
	key           = "ZDNet"
}

@misc{AppleDP,
	title = {Apple Differential Privacy Technical Overview},
	author = "Apple Inc",
	url = {https://www.apple.com/privacy/docs/Differential_Privacy_Overview.pdf},
	note  = {Retrieved 25, Apr. 2019}
}

@book{sipser2006introduction,
	title={Introduction to the Theory of Computation},
	author={Sipser, Michael and others},
	volume={2},
	year={2006},
	publisher={Thomson Course Technology Boston}
}

@electronic{captchaSolver,
	title="Top 10 Captcha Solving Services Compared",
	URL="https://prowebscraper.com/blog/top-10-captcha-solving-services-compared/",
	year="2019",
	key = "prowebscraper."
}

@electronic{News:AmazonTypo,
	title         = "Amazon Login May Accept Password Variants",
	URL           = "https://www.ghacks.net/2011/01/31/amazon-login-may-accept-password-variants/",
	year          = "2011",
	key           = "ghacks"
}




@electronic{DictionaryAttack:Microsoft,
	title         = "Microsoft Exposes Russian Cyberattacks on Phones, Printers, Video Decoders",
	url           = "https://www.technewsworld.com/story/86171.html",
	year          = "2019",
	key           = "TechNewsWorld"
}

@electronic{News:AccountPerUser,
	title         = "Uncovering Password Habits: Are Users’ Password Security Habits Improving? ",
	url           = {https://digitalguardian.com/blog/uncovering-password-habits-are-users-password-security-habits-improving-infographic},
	year          = "2018",
	key           = "digital guardian"
}


@electronic{News:Ebay,
	title         = "Hackers attack eBay accounts",
	url           = "https://www.zdnet.com/article/hackers-attack-ebay-accounts/",
	year          = "2002",
	key           = "ZDNet"
}

@electronic{FacebookDataBreach19,
	title = {Facebook now says its password leak affected millions of Instagram users},
	url = {https://techcrunch.com/2019/04/18/instagram-password-leak-millions/},
	year          = "2019",
	key           = "TechCrunch"
}


@electronic{Dataset:RockYou,
	title = {RockYou Password Corpus},
	url = {http://downloads.skullsecurity.org/passwords/rockyou.
		txt.bz2.},
	year          = "2010",
	key           = "RockYou"
}


@electronic{Dataset:LinkedIn,
	title = {LinkedIn Password Corpus},
	url = {https://hashes.org/public.php},
	year          = "n.d.",
	key           = "LinkedIn"
}

@inproceedings{wheeler2016zxcvbn,
	title={zxcvbn: Low-budget password strength estimation},
	author={Wheeler, Daniel Lowe},
	booktitle={25th $\{$USENIX$\}$ Security Symposium ($\{$USENIX$\}$ Security 16)},
	pages={157--173},
	year={2016}
}

@electronic{WebSite:HaveIBeenPwned,
	title = {Have I Been Pwned},
	url = {https://haveibeenpwned.com},
	year          = "2019",
	key           = "Have I Been Pwned"
}

@article{kulik2010there,
	title={There is no EPTAS for two-dimensional knapsack},
	author={Kulik, Ariel and Shachnai, Hadas},
	journal={Information Processing Letters},
	volume={110},
	number={16},
	pages={707--710},
	year={2010},
	publisher={Elsevier}
}


@electronic{WebSite:GooglePasswordCheckUp,
	author = "Andreas Tuerk",
	title = {To stay secure online, Password Checkup has your back},
	URL = {https://www.blog.google/technology/safety-security/password-checkup/},
	year          = "2019",
	key           = "Google Password CheckUp"
}



@inproceedings{HTS:SchHerMit10,
	title={Popularity is everything: A new approach to protecting passwords from statistical-guessing attacks},
	author={Schechter, Stuart and Herley, Cormac and Mitzenmacher, Michael},
	booktitle={Proceedings of the 5th USENIX conference on Hot topics in security},
	pages={1--8},
	year={2010},
	organization={USENIX Association}
}



@electronic{DuoWeakPassword,
	title = {STOP THE PWNAGE: 81\% OF HACKING INCIDENTS USED STOLEN OR WEAK PASSWORDS},
	author = " Thu Pham",
	url = {https://duo.com/decipher/stop-the-pwnage-81-of-hacking-incidents-used-stolen-or-weak-passwords},
	note  = {Retrieved \today},
	year          = "2019",
	key           = "Duo"
}



@article{TIFS17:WCWPXG,
	title={Zipf’s law in passwords},
	author={Wang, Ding and Cheng, Haibo and Wang, Ping and Huang, Xinyi and Jian, Gaopeng},
	journal={IEEE Transactions on Information Forensics and Security},
	volume={12},
	number={11},
	pages={2776--2791},
	year={2017},
	publisher={IEEE}
}


@article{SchHer:MSR18,
	title={The Binomial Ladder Frequency Filter and its Applications to Shared Secrets},
	author={Schecter, S and Herley, C},
	journal={MSR-TR-2018-18},
	year={2016}
}

@misc{gordon2014efficiently,
	title={Efficiently throttling user authentication},
	author={Gordon, Ariel and Lundeen, Richard Allen},
	year={2014},
	month=nov # "~25",
	publisher={Google Patents},
	note={US Patent 8,898,752}
}
@misc{sandhu2005system,
	title={System and method for password throttling},
	author={Sandhu, Ravi and Desa, Colin and Ganesan, Karuna},
	year={2005},
	month=apr # "~19",
	publisher={Google Patents},
	note={US Patent 6,883,095}
}

@article{brostoff2003ten,
	title = {Ten strikes and you're out: Increasing the number of login attempts can improve password usability},
	author = {Brostoff, Sacha and Sasse, Angela},
	year = {2003},
	month = {07},
	pages = {},
	
}
@inproceedings{WRREBRWZ16,
	title={Understanding password choices: How frequently entered passwords are re-used across websites},
	author={Wash, Rick and Rader, Emilee and Berman, Ruthie and Wellmer, Zac},
	booktitle={Twelfth Symposium on Usable Privacy and Security ($\{$SOUPS$\}$ 2016)},
	pages={175--188},
	year={2016}
}

@Article{TDSC:AMMMVP12,
	author    = {Alsaleh, Mansour and Mannan, Mohammad and Van Oorschot, Paul C},
	title     = {Revisiting defenses against large-scale online password guessing attacks},
	journal   = {IEEE Transactions on dependable and secure computing},
	year      = {2012},
	volume    = {9},
	number    = {1},
	pages     = {128--141},
	publisher = {IEEE},
}

@InProceedings{SOUPS:YJEA08,
	author       = {Yan, Jeff and El Ahmad, Ahmad Salah},
	title        = {Usability of CAPTCHAs or usability issues in CAPTCHA design},
	booktitle    = {Proceedings of the 4th symposium on Usable privacy and security},
	year         = {2008},
	pages        = {44--52},
	organization = {ACM},
}

@inproceedings{KSKMBCCE:SIGCHI11,
	title={Of passwords and people: measuring the effect of password-composition policies},
	author={Komanduri, Saranga and Shay, Richard and Kelley, Patrick Gage and Mazurek, Michelle L and Bauer, Lujo and Christin, Nicolas and Cranor, Lorrie Faith and Egelman, Serge},
	booktitle={Proceedings of the SIGCHI Conference on Human Factors in Computing Systems},
	pages={2595--2604},
	year={2011},
	organization={ACM}
}


@article{von2008recaptcha,
	title={recaptcha: Human-based character recognition via web security measures},
	author={Von Ahn, Luis and Maurer, Benjamin and McMillen, Colin and Abraham, David and Blum, Manuel},
	journal={Science},
	volume={321},
	number={5895},
	pages={1465--1468},
	year={2008},
	publisher={American Association for the Advancement of Science}
}

@inproceedings{BKPS:ACMEC13,
	title={Optimizing password composition policies},
	author={Blocki, Jeremiah and Komanduri, Saranga and Procaccia, Ariel and Sheffet, Or},
	booktitle={Proceedings of the fourteenth ACM conference on Electronic commerce},
	pages={105--122},
	year={2013},
	organization={ACM}
}

@article{harsha2020bicycle,
	title={Bicycle Attacks Considered Harmful: Quantifying the Damage of Widespread Password Length Leakage},
	author={Harsha, Benjamin and Morton, Robert and Blocki, Jeremiah and Springer, John and Dark, Melissa},
	journal={arXiv preprint arXiv:2002.01513},
	year={2020}
}





%%%%% Reference



@Misc{TeXFAQ,
	title =        {{UK} List of {\TeX} Frequently Asked Questions},
	author =       {{UK \TeX{} Users Group}},
	year =         2019,
	howpublished = {\url{https://texfaq.org}}
}

@Manual{Downes04:amsart,
	title =        {The \textsf{amsart}, \textsf{amsproc}, and
		\textsf{amsbook} document~classes},
	author =       {Michael Downes and Barbara Beeton},
	organization = {American Mathematical Society},
	year =         2004,
	month =        aug,
	note =         {\url{http://www.ctan.org/pkg/amslatex}}
}

@Manual{Fiorio15,
	title =        {{a}lgorithm2e.sty---package for algorithms},
	author =       {Cristophe Fiorio},
	year =         2015,
	month =        oct,
	note =         {\url{http://www.ctan.org/pkg/algorithm2e}}
}

@Manual{Brito09,
	title =        {The algorithms bundle},
	author =       {Rog\'erio Brito},
	year =         2009,
	month =        aug,
	note =         {\url{http://www.ctan.org/pkg/algorithms}}
}

@Manual{Heinz15,
	title =        {The Listings Package},
	author =       {Carsten Heinz and Brooks Moses and Jobst Hoffmann},
	year =         2015,
	month =        jun,
	note =         {\url{http://www.ctan.org/pkg/listings}}
}

@Manual{Fear05,
	title =        {Publication quality tables in {\LaTeX}},
	author =       {Simon Fear},
	year =         2005,
	month =        apr,
	note =         {\url{http://www.ctan.org/pkg/booktabs}}
}

@Manual{ACMIdentityStandards,
	title =        {{ACM} Visual Identity Standards},
	organization = {Association for Computing Machinery},
	year =         2007,
	note =         {\url{http://identitystandards.acm.org}}
}

@Manual{Sommerfeldt13:Subcaption,
	title =        {The subcaption package},
	author =       {Axel Sommerfeldt},
	year =         2013,
	month =        apr,
	note =         {\url{http://www.ctan.org/pkg/subcaption}}
}

@Manual{Nomencl,
	title =        {A package to create a nomenclature},
	author =       {Boris Veytsman and Bern Schandl and Lee Netherton
		and C. V. Radhakrishnan},
	year =         2005,
	month =        sep,
	note =         {\url{http://www.ctan.org/pkg/nomencl}}
}

@Manual{Talbot16:Glossaries,
	title =        {User Manual for glossaries.sty v4.44},
	author =       {Nicola L. C. Talbot},
	year =         2019,
	month =        dec,
	note =         {\url{http://www.ctan.org/pkg/glossaries}}
}

@Manual{Carlisle04:Textcase,
	title =        {The \textsl{textcase} package},
	author =       {David Carlisle},
	month =        oct,
	year =         2004,
	note =         {\url{http://www.ctan.org/pkg/textcase}}
}

